@article{oecd,
  title={The Shared-Use City: Managing the Curb},
  author={Corporate Partnership Board},
  journal={International Transport Forum},
  year={2018},
  publisher={OECD}
}

@article{busstops,
  title={Bus Stops Location and Bus Route Planning Using
Mean Shift Clustering and Ant Colony in West
Jakarta},
  author={Supangat, Kenny and Soelistio, Yustinus Eko},
  journal={The International Conference on Information Technology and Digital Applications},
  number={185},
  year={2017},
  publisher={IOP Publishing}
}

@article{fleets,
  title={Autonomous Vehicle Implementation Predictions: Implications for Transport Planning},
  author={Litman, Todd},
  year={2018},
  publisher={Victoria Transport Policy Institute}
}

@article{annealing,
  title={The Simulated Annealing Algorithm},
  author={Ellison Geltman, Katrina},
  year={2014},
  publisher={Katrina Ellison Geltman},
}

@article{textbook,
  title={Artificial Intelligence: A Modern Approach, Third Edition},
  author={Russell, Stuart J. and Norvig, Peter},
  year={2010},
  publisher={Pearson}
}